@book{norris1998markov,
  title={Markov chains},
  author={Norris, James R and Norris, James Robert},
  number={2},
  year={1998},
  publisher={Cambridge university press}
}

@Manual{R,
    title = {R: A Language and Environment for Statistical Computing},
    author = {{R Core Team}},
    organization = {R Foundation for Statistical Computing},
    address = {Vienna, Austria},
    year = {2019},
    url = {https://www.R-project.org/},
  }


@article{schliep2018alternating,
  title={Alternating {G}aussian process modulated renewal processes for modeling threshold exceedances and durations},
  author={Schliep, Erin M and Gelfand, Alan E and Holland, David M},
  journal={Stochastic Environmental Research and Risk Assessment},
  volume={32},
  number={2},
  pages={401--417},
  year={2018},
  publisher={Springer}
}

@Article{TMB,
    title = {{TMB}: Automatic Differentiation and {L}aplace Approximation},
    author = {Kasper Kristensen and Anders Nielsen and Casper W. Berg and Hans Skaug and Bradley M. Bell},
    journal = {Journal of Statistical Software},
    year = {2016},
    volume = {70},
    number = {5},
    pages = {1--21},
    doi = {10.18637/jss.v070.i05},
  }


@article{wood2016smoothing,
  title={Smoothing parameter and model selection for general smooth models},
  author={Wood, Simon N and Pya, Natalya and S{\"a}fken, Benjamin},
  journal={Journal of the American Statistical Association},
  volume={111},
  number={516},
  pages={1548--1563},
  year={2016},
  publisher={Taylor \& Francis}
}

@book{wood2017generalized,
  title={Generalized additive models: an introduction with R},
  author={Wood, Simon N},
  year={2017},
  publisher={Chapman and Hall/CRC}
}
